@misc{img:p2pgrid,
  author = {Anselma WÃ¶rner and Arne Meeuw and Liliane Ableitner and Felix Wortmann and Sandro Schopfer and Verena Tiefenbeck},
  title  = {Trading solar energy within the neighborhood: field implementation of a blockchain-based electricity market},
  year   = {2019},
  url    = {https://energyinformatics.springeropen.com/articles/10.1186/s42162-019-0092-0}
}
@misc{img:ew-dos,
  author = {Energy Web},
  title  = {EW-DOS: The Energy Web Decentralized Operating System.},
  note   = {An Open-Source Technology Stack to Accelerate the Energy Transition. PART 2: Technology Detail.},
  year   = {2020},
  url    = {https://energyinformatics.springeropen.com/articles/10.1186/s42162-019-0092-0}
}
@misc{art:aura,
  author = {OpenEthereum},
  title  = {Aura - Authority Round - Wiki},
  year   = {1905},
  url    = {https://openethereum.github.io/Aura}
}
@article{art:ew-dos,
  author = {Energy Web},
  title  = {EW-DOS: The Energy Web Decentralized Operating System.},
  note   = {An Open-Source Technology Stack to Accelerate the Energy Transition. PART 2: Technology Detail},
  pages  = {14},
  year   = {2020},
  doi    = {https://energyweb.org/wp-content/uploads/2020/06/EnergyWeb-EWDOS-PART2-TechnologyDetail-202006-vFinal.pdf}
}